@article{agieval2023,
  title={AGIEval: A Human-Centric Benchmark for Evaluating Foundation Models},
  author={Unknown},
  year={2023}
}

@article{api-bank,
  title={API-Bank: A Comprehensive Benchmark for Tool-Augmented LLMs},
  author={Unknown},
  year={2023}
}

@misc{autogpt2023,
  title={AutoGPT Documentation},
  author={{AutoGPT}},
  year={2023},
  howpublished={\url{https://docs.agpt.co/}}
}

@article{wikisql,
  author    = {Victor Zhong and
               Caiming Xiong and
               Richard Socher},
  title     = {Seq2SQL: Generating Structured Queries from Natural Language using
               Reinforcement Learning},
  journal   = {CoRR},
  volume    = {abs/1709.00103},
  year      = {2017}
}

@article{bird,
  title={Can LLM Already Serve as A Database Interface? A BIg Bench for Large-Scale Database Grounded Text-to-SQLs},
  author={Li, Jinyang and Tang, Binyuan and Ding, Yongwei and Sun, Zimeng and Wang, Mingxuan and Huang, Fei and Tu, Kewei},
  journal={arXiv preprint arXiv:2305.03111},
  year={2023}
}

@article{trillion,
  title={Improving language models by retrieving from trillions of tokens},
  author={Borgeaud, Sebastian and Mensch, Arthur and Hoffmann, Jordan and Cai, Trevor and Rutherford, Eliza and Millican, Katie and others},
  journal={arXiv preprint arXiv:2112.04426},
  year={2022}
}

@article{chen2022enterprise,
  title={Enterprise RAG: Improving Business Document Retrieval with Large Language Models},
  author={Chen, Michael and others},
  journal={arXiv preprint},
  year={2022}
}

@article{chevalier2018babyai,
  title={BabyAI: First Steps Towards Grounded Language Learning With a Human In the Loop},
  author={Chevalier-Boisvert, Maxime and Bahdanau, Dzmitry and Lahlou, Salem and Willems, Lucas and Saharia, Chitwan and Nguyen, Thien Huu and Bengio, Yoshua},
  journal={arXiv preprint arXiv:1810.08272},
  year={2018}
}

@article{fewshot-vs-icl2023,
  title={Few-shot Fine-tuning vs. In-context Learning: A Fair Comparison and Evaluation},
  author={Unknown},
  year={2023}
}

@article{gaia2023,
  title={GAIA: A Benchmark for General AI Assistants},
  author={Unknown},
  year={2023}
}

@article{graph-rag2023,
  title={From Local to Global: A Graph RAG Approach to Query-Focused Summarization},
  author={Unknown},
  year={2023}
}

@inproceedings{grounding,
   title={Grounding and Evaluation for Large Language Models: Practical Challenges and Lessons Learned (Survey)},
   publisher={ACM},
   author={Kenthapadi, Krishnaram and Sameki, Mehrnoosh and Taly, Ankur},
   year={2024},
   month=aug, pages={6523–6533},
   collection={KDD ’24} }

@article{ham2023challenges,
  title={Challenges in Deploying Task-Oriented Dialogue Systems in Enterprise Settings},
  author={Ham, David and others},
  journal={arXiv preprint},
  year={2023}
}

@article{mmlu,
  title={Measuring Massive Multitask Language Understanding},
  author={Hendrycks, Dan and Burns, Collin and Basart, Steven and Zou, Andy and Mazeika, Mantas and Song, Dawn and Steinhardt, Jacob},
  journal={arXiv preprint arXiv:2009.03300},
  year={2020}
}

@article{ji2023augmented,
  title={Augmented Language Models: a Survey},
  author={Ji, Zhengbao and Zemlyanskiy, Yury and Iter, Dan and Lewis, Mike},
  journal={arXiv preprint arXiv:2302.07842},
  year={2023}
}

@article{triviaqa,
  title={TriviaQA: A Large Scale Distantly Supervised Challenge Dataset for Reading Comprehension},
  author={Joshi, Mandar and Choi, Eunsol and Weld, Daniel S and Zettlemoyer, Luke},
  journal={arXiv preprint arXiv:1705.03551},
  year={2017}
}

@misc{langchain2023,
  title={LangChain Documentation},
  author={{LangChain}},
  year={2023},
  howpublished={\url{https://python.langchain.com/docs/}}
}

@article{rag,
  title={Retrieval-Augmented Generation for Knowledge-Intensive NLP Tasks},
  author={Lewis, Patrick and Perez, Ethan and Piktus, Aleksandra and Petroni, Fabio and Karpukhin, Vladimir and Goyal, Naman and K{\"u}ttler, Heinrich and Lewis, Mike and Yih, Wen-tau and Rockt{\"a}schel, Tim and others},
  journal={arXiv preprint arXiv:2005.11401},
  year={2020}
}

@article{li2023complex,
  title={Complex Query Construction for Modern Database Question Answering Systems},
  author={Li, Kai and others},
  journal={arXiv preprint},
  year={2023}
}

@article{li2023text,
  title={Text-to-SQL: State of the Art and Future Directions},
  author={Li, Fei and Chen, Henry and Liu, Yang and others},
  journal={arXiv preprint},
  year={2023}
}

@article{liang2022holistic,
  title={Holistic Evaluation of Language Models},
  author={Liang, Percy and others},
  journal={arXiv preprint},
  year={2022}
}

@article{liu2023agentbench,
  title={AgentBench: Evaluating LLMs as Agents},
  author={Liu, Xiao and Zhou, Hao and Yao, Shuo and Ji, Hanghang and Liu, Zhiheng and others},
  journal={arXiv preprint},
  year={2023}
}

@article{mteb,
  title={MTEB: Massive Text Embedding Benchmark},
  author={Muennighoff, Niklas and Tazi, Nouamane and Magne, Lo{\"\i}c and Reimers, Nils},
  journal={arXiv preprint arXiv:2210.07316},
  year={2023}
}

@article{multihop-rag,
  title={MultiHop-RAG: Benchmarking Retrieval-Augmented Generation for Multi-Hop Queries},
  author={Unknown},
  year={2023}
}

@article{naturalq,
  title={Natural Questions: A Benchmark for Question Answering Research},
  author={Kwiatkowski, Tom and Palomaki, Jennimaria and Redfield, Olivia and Collins, Michael and Parikh, Ankur and Alberti, Chris and Epstein, Danielle and Polosukhin, Illia and Kelcey, Matthew and Devlin, Jacob and others},
  journal={Transactions of the Association for Computational Linguistics},
  year={2019}
}

@misc{openai2023evals,
  title={OpenAI Evals Documentation},
  author={{OpenAI}},
  year={2023},
  howpublished={\url{https://github.com/openai/evals}}
}

@article{rag-survey2023,
  title={Retrieval-Augmented Generation for AI-Generated Content: A Survey},
  author={Unknown},
  year={2023}
}

@article{squad,
  title={SQuAD: 100,000+ Questions for Machine Comprehension of Text},
  author={Rajpurkar, Pranav and Zhang, Jian and Lopyrev, Konstantin and Liang, Percy},
  journal={arXiv preprint arXiv:1606.05250},
  year={2016}
}

@article{recent-advances-dialog,
  title={Recent Advances and Challenges in Task-oriented Dialog Systems},
  author={Unknown},
  year={2023}
}

@inproceedings{sbert,
  title={Sentence-BERT: Sentence Embeddings using Siamese BERT-Networks},
  author={Reimers, Nils and Gurevych, Iryna},
  booktitle={Proceedings of the 2019 Conference on Empirical Methods in Natural Language Processing},
  year={2019}
}

@article{toolformer,
  title={Toolformer: Language Models Can Teach Themselves to Use Tools},
  author={Schick, Timo and Dwivedi-Yu, Jane and Dess{\`i}, Roberto and Raileanu, Roberta and Lomeli, Maria and Zettlemoyer, Luke and Cancedda, Nicola and Scialom, Thomas},
  journal={arXiv preprint arXiv:2302.04761},
  year={2023}
}

@article{shi2023survey,
  title={A Survey of Retrieval-Augmented Text Generation},
  author={Shi, Zhihong and others},
  journal={arXiv preprint},
  year={2023}
}

@article{srivastava2022beyond,
  title={Beyond the Imitation Game: Quantifying and extrapolating the capabilities of language models},
  author={Srivastava, Aarohi and Rastogi, Abhinav and Rao, Abhishek and Shoeybi, Mohammad and Yogatama, Dani and others},
  journal={arXiv preprint arXiv:2206.04615},
  year={2022}
}

@article{api-bench,
  title={Gorilla: Large Language Model Connected with Massive APIs},
  author={Sun, Shishir Patil and Yu, Tianjun and Xie, Qihang and Luo, Xiang and Wang, Yining and others},
  journal={arXiv preprint arXiv:2305.15334},
  year={2023}
}

@article{fever,
  title={FEVER: a large-scale dataset for Fact Extraction and VERification},
  author={Thorne, James and Vlachos, Andreas and Christodoulopoulos, Christos and Mittal, Arpit},
  journal={arXiv preprint arXiv:1803.05355},
  year={2018}
}

@article{toolqa,
  title={ToolQA: A Dataset for LLM Question Answering with External Tools},
  author={Unknown},
  year={2023}
}

@article{paradise,
  title={PARADISE: A Framework for Evaluating Spoken Dialogue Agents},
  author={Walker, Marilyn A and Litman, Diane J and Kamm, Candace A and Abella, Alicia},
  journal={arXiv preprint cmp-lg/9704004},
  year={1997}
}

@article{wang2023semantic,
  title={Semantic Parsing in Enterprise: Current Status and Future Directions},
  author={Wang, Yushi and others},
  journal={arXiv preprint},
  year={2023}
}

@article{simpleqa,
  title={SimpleQA: A Factuality Benchmark for Language Models},
  author={Wei, Jason and others},
  journal={arXiv preprint},
  year={2024}
}

@article{hotpotqa,
  title={HotpotQA: A Dataset for Diverse, Explainable Multi-hop Question Answering},
  author={Yang, Zhilin and Qi, Peng and Zhang, Saizheng and Bengio, Yoshua and Cohen, William and Salakhutdinov, Ruslan and Manning, Christopher D},
  journal={arXiv preprint arXiv:1809.09600},
  year={2018}
}

@article{react,
  title={ReAct: Synergizing Reasoning and Acting in Language Models},
  author={Yao, Shunyu and Zhao, Jeffrey and Yu, Dian and Du, Nan and Shafran, Izhak and Narasimhan, Karthik and Cao, Yuan},
  journal={arXiv preprint arXiv:2210.03629},
  year={2023}
}

@inproceedings{spider,
  title={Spider: A Large-Scale Human-Labeled Dataset for Complex and Cross-Domain Semantic Parsing and Text-to-SQL Task},
  author={Yu, Tao and Zhang, Rui and Yang, Kai and Yasunaga, Michihiro and Wang, Dongxu and Li, Zifan and Ma, James and Li, Irene and Yao, Qingning and Roman, Shanelle and others},
  booktitle={Proceedings of the 2018 Conference on Empirical Methods in Natural Language Processing},
  year={2018}
}

@article{zhang2022enterprise,
  title={Enterprise Search in the Era of Large Language Models},
  author={Zhang, Xiang and others},
  journal={arXiv preprint},
  year={2022}
}

@article{bigbench,
  title={Beyond the Imitation Game: Quantifying and extrapolating the capabilities of language models},
  author={Srivastava, Aarohi and Rastogi, Abhinav and Rao, Abhishek and Shoeybi, Mohammad and Yuksekgonul, Mayank and Piteau, Nicolas and Schoelkopf, Weihan and Wu, Yejin and Ainslie, Joshua and Santiago, Cornelia and others},
  journal={arXiv preprint arXiv:2206.04615},
  year={2022}
}

@article{bigbench-hard,
  title={Challenging BIG-Bench Tasks and Whether Chain-of-Thought Can Solve Them},
  author={Suzgun, Mirac and Scales, Nathan and Sch{\"a}rli, Nathanael and Gehrmann, Sebastian and Wu, Yian and Tay, Yi and Belinkov, Yonatan and Choi, Hyung Won},
  journal={arXiv preprint arXiv:2305.06617},
  year={2023}
}

@article{fine-tuning,
  title={Few-shot Fine-tuning vs. In-context Learning: A Fair Comparison and Evaluation},
  author={Chen, Guanghui and Peng, Baolin and Zhou, Xiang and Yang, Zhiliang and Gao, Junyang and Liu, Tingwen},
  journal={arXiv preprint arXiv:2305.16938},
  year={2023}
}

@article{frames,
  title={FRAMES: Fact, Fetch, and Reason: A Unified Evaluation of Retrieval-Augmented Generation},
  author={Lin, Bill Yuchen and Chen, Abhilasha Ravichander and Xiong, Chenyan and Liu, Hongming and Moosavi, Nameera Akhtar and Khot, Tushar and Merity, Stephen and Berant, Jonathan and Hajishirzi, Hannaneh},
  journal={arXiv preprint arXiv:2402.03783},
  year={2024}
}

@misc{crag,
      title={CRAG -- Comprehensive RAG Benchmark}, 
      author={Xiao Yang and Kai Sun and Hao Xin and Yushi Sun and Nikita Bhalla and Xiangsen Chen and Sajal Choudhary and Rongze Daniel Gui and Ziran Will Jiang and Ziyu Jiang and Lingkun Kong and Brian Moran and Jiaqi Wang and Yifan Ethan Xu and An Yan and Chenyu Yang and Eting Yuan and Hanwen Zha and Nan Tang and Lei Chen and Nicolas Scheffer and Yue Liu and Nirav Shah and Rakesh Wanga and Anuj Kumar and Wen-tau Yih and Xin Luna Dong},
      year={2024}
}

@article{tool-bench,
  title={On the Tool Manipulation Capability of Open-source Large Language Models},
  author={Qin, Yujia and Liu, Shihao and Pan, Xiangyu and Zhang, Xinyun and Yang, Denny and Liu, Liang},
  journal={arXiv preprint arXiv:2305.16504},
  year={2023}
}

@article{gaia,
      title={GAIA: A benchmark for General AI Assistants}, 
      author={Grégoire Mialon and Clémentine Fourrier and Craig Swift and Thomas Wolf and Yann LeCun and Thomas Scialom},
      year={2023}
}

@article{realm,
  title={REALM: Retrieval-Augmented Language Model Pre-Training},
  author={Guu, Kelvin and Lee, Kenton and Tung, Zora and Pasupat, Panupong and Chang, Ming-Wei},
  journal={arXiv preprint arXiv:2002.08909},
  year={2020}
}

@article{goal-oriented,
      title={Recent Advances and Challenges in Task-oriented Dialog System}, 
      author={Zheng Zhang and Ryuichi Takanobu and Qi Zhu and Minlie Huang and Xiaoyan Zhu},
      year={2020}
}

@article{graphrag,
      title={From Local to Global: A Graph RAG Approach to Query-Focused Summarization}, 
      author={Darren Edge and Ha Trinh and Newman Cheng and Joshua Bradley and Alex Chao and Apurva Mody and Steven Truitt and Jonathan Larson},
      year={2024}
}

@article{text-to-sql,
  title={Text-to-SQL: State of the Art and Future Directions},
  author={Liu, Qian and Du, Mengyang and Liu, Xiang and Zhang, Aoying and Wang, Chuan and Wang, Haixu and Li, Zhipeng and Dong, Yuhao and Shen, Siyu and Tang, Yaliang and Zheng, Wenhao},
  journal={arXiv preprint arXiv:2312.09158},
  year={2023}
}